<record><leader>00000cas a22000007a 4500</leader><controlfield tag="001">34379252</controlfield><controlfield tag="008">960316d19121922okuwr n       0   a0eng d</controlfield><datafield ind1=" " ind2=" " tag="010"><subfield code="a">sn 96087587 </subfield></datafield><datafield ind1=" " ind2=" " tag="040"><subfield code="a">OBN</subfield><subfield code="b">eng</subfield><subfield code="c">OBN</subfield><subfield code="d">OCLCQ</subfield><subfield code="d">DLC</subfield><subfield code="d">OCLCF</subfield><subfield code="d">DLC</subfield></datafield><datafield ind1="0" ind2=" " tag="022"><subfield code="a">2333-0260</subfield><subfield code="2">1</subfield></datafield><datafield ind1=" " ind2=" " tag="042"><subfield code="a">msc</subfield><subfield code="a">nsdp</subfield></datafield><datafield ind1=" " ind2=" " tag="043"><subfield code="a">n-us-ok</subfield></datafield><datafield ind1="0" ind2="0" tag="050"><subfield code="a">Newspaper</subfield></datafield><datafield ind1="0" ind2="0" tag="082"><subfield code="a">071</subfield><subfield code="2">23</subfield></datafield><datafield ind1="0" ind2=" " tag="130"><subfield code="a">Farmers' champion (Elgin, Okla. : 1912)</subfield></datafield><datafield ind1=" " ind2="0" tag="222"><subfield code="a">Farmers' champion</subfield><subfield code="b">(Elgin, Okla. 1912. Print)</subfield></datafield><datafield ind1="1" ind2="0" tag="245"><subfield code="a">Farmers' champion.</subfield></datafield><datafield ind1="3" ind2=" " tag="246"><subfield code="a">Farmers champion</subfield></datafield><datafield ind1="3" ind2=" " tag="246"><subfield code="a">Elgin Okla. farmers champion</subfield></datafield><datafield ind1=" " ind2=" " tag="260"><subfield code="a">Elgin, Okla. :</subfield><subfield code="b">J.S. Soule</subfield></datafield><datafield ind1=" " ind2=" " tag="300"><subfield code="a">v.</subfield></datafield><datafield ind1=" " ind2=" " tag="310"><subfield code="a">Weekly</subfield></datafield><datafield ind1="0" ind2=" " tag="362"><subfield code="a">Vol. 3, no. 4 (Nov. 14, 1912)-v. 11, no. 11 (Feb. 1, 1922).</subfield></datafield><datafield ind1=" " ind2=" " tag="500"><subfield code="a">Published in Fletcher, Okla., Jan. 4, 1922-Feb. 1, 1922.</subfield></datafield><datafield ind1=" " ind2=" " tag="530"><subfield code="a">Archived issues are available in digital format as part of the Library of Congress Chronicling America online collection.</subfield></datafield><datafield ind1=" " ind2="0" tag="651"><subfield code="a">Elgin (Okla.)</subfield><subfield code="v">Newspapers.</subfield></datafield><datafield ind1=" " ind2="0" tag="651"><subfield code="a">Fletcher (Okla.)</subfield><subfield code="v">Newspapers.</subfield></datafield><datafield ind1=" " ind2="7" tag="651"><subfield code="a">Oklahoma</subfield><subfield code="z">Elgin.</subfield><subfield code="2">fast</subfield><subfield code="0">(OCoLC)fst01303038</subfield></datafield><datafield ind1=" " ind2="7" tag="651"><subfield code="a">Oklahoma</subfield><subfield code="z">Fletcher.</subfield><subfield code="2">fast</subfield><subfield code="0">(OCoLC)fst01302431</subfield></datafield><datafield ind1=" " ind2="7" tag="655"><subfield code="a">Newspapers.</subfield><subfield code="2">fast</subfield><subfield code="0">(OCoLC)fst01423814</subfield></datafield><datafield ind1=" " ind2=" " tag="752"><subfield code="a">United States</subfield><subfield code="b">Oklahoma</subfield><subfield code="c">Comanche</subfield><subfield code="d">Elgin.</subfield></datafield><datafield ind1=" " ind2=" " tag="752"><subfield code="a">United States</subfield><subfield code="b">Oklahoma</subfield><subfield code="c">Comanche</subfield><subfield code="d">Fletcher.</subfield></datafield><datafield ind1="0" ind2="8" tag="776"><subfield code="i">Online version:</subfield><subfield code="t">Farmers' champion (Elgin, Okla. : 1912 : Online)</subfield><subfield code="x">2333-0279</subfield><subfield code="w">(DLC)  2013271952</subfield><subfield code="w">(OCoLC)869748729</subfield></datafield><datafield ind1="0" ind2="0" tag="780"><subfield code="t">Indiahoma champion</subfield><subfield code="w">(DLC)sn 96087586</subfield><subfield code="w">(OCoLC)34379235</subfield></datafield><datafield ind1="0" ind2="0" tag="785"><subfield code="t">Fletcher herald</subfield><subfield code="w">(DLC)sn 96087588</subfield><subfield code="w">(OCoLC)34379268</subfield></datafield><datafield ind1="4" ind2="1" tag="856"><subfield code="u">http://www.loc.gov/chroniclingamerica/lccn/sn96087587/issues</subfield></datafield><datafield ind1="1" ind2=" " tag="029"><subfield code="a">AU@</subfield><subfield code="b">000012367304</subfield></datafield></record>